@inproceedings{10.1145/3407023.3407055,
author = {Palfinger, Gerald and Pr\"{u}nster, Bernd},
title = {AndroPRINT: Analysing the Fingerprintability of the Android API},
% isbn = {9781450388337},
% publisher = {Association for Computing Machinery},
% address = {New York, NY, USA},
url = {https://doi.org/10.1145/3407023.3407055},
% doi = {10.1145/3407023.3407055},
% abstract = {In recent Android versions, access to various (unique) identifiers has been restricted or completely removed for third-party applications. However, many information sources can still be combined to create a fingerprint, effectively substituting the need for these unique identifiers. Until now, finding these fingerprintable sources required manually sifting through the API documentation to identify each information source individually. This paper presents AndroPRINT, a framework that automatically recognizes fingerprintable information sources on Android devices. For this purpose it automatically invokes methods, queries fields, and retrieves data from content providers. We show that this framework allows automating the elaborate task of finding such fingerprintable information sources in different experiments. In these experiments, a variety of information sources could be identified, which provide a vast amount of unique features for fingerprinting. Furthermore, AndroPRINT detected undocumented unique device identification features, which are a result of manufacturer adaptations. These vendor customisations even revealed personal data, such as the user's email address and cryptographic keys used for cross-device communication. The fact that this information can be retrieved without the user noticing means that vendor customisations can effectively defeat the tight permission system of modern smartphone operating systems.},
% booktitle = {Proceedings of the 15th International Conference on Availability, Reliability and Security},
% articleno = {94},
% numpages = {10},
% keywords = {fingerprinting, unique identifier, Android API, automatic analysis},
% location = {Virtual Event, Ireland},
% series = {ARES '20},
year = {2020}
}

@article{polvcak2022jshelter,
  title={JShelter: Give Me My Browser Back},
  author={Pol{\v{c}}{\'a}k, Libor and Salo{\v{n}}, Marek and Maone, Giorgio and Hranick{\`y}, Radek and McMahon, Michael},
  journal={arXiv preprint arXiv:2204.01392},
  url={https://arxiv.org/abs/2204.01392},
  year={2022}
}

@article{kohno2005remote,
  title={Remote physical device fingerprinting},
  author={Kohno, Tadayoshi and Broido, Andre and Claffy, Kimberly C},
  journal={IEEE Transactions on Dependable and Secure Computing},
  % volume={2},
  % number={2},
  % pages={93--108},
  % publisher={IEEE},
  url={https://ieeexplore.ieee.org/abstract/document/1453529},
  year={2005}
}

% @article{polcak2015clock,
%   title={Clock-Skew-Based Computer Identification: Traps and Pitfalls.},
%   author={Polc{\'a}k, Libor and Frankov{\'a}, Barbora},
%   % journal={J. Univers. Comput. Sci.},
%   % volume={21},
%   % number={9},
%   % pages={1210--1233},
%   url={https://www.jucs.org/jucs_21_9/clock_skew_based_computer/jucs_21_09_1210_1233_polcak.pdf},
%   year={2015}
% }

% @inproceedings{sharma2012experience,
%   title={Experience with heterogenous clock-skew based device fingerprinting},
%   author={Sharma, Swati and Hussain, Alefiya and Saran, Huzur},
%   % booktitle={Proceedings of the 2012 Workshop on Learning from Authoritative Security Experiment Results},
%   % pages={9--18},
%   url={https://dl.acm.org/doi/abs/10.1145/2379616.2379618},
%   year={2012}
% }

@inproceedings{meng2023post,
  title={Post-GDPR threat hunting on android phones: dissecting OS-level safeguards of user-unresettable identifiers},
  author={Meng, Mark Huasong and Zhang, Qing and Xia, Guangshuai and Zheng, Yuwei and Zhang, Yanjun and Bai, Guangdong and Liu, Zhi and Teo, Sin G and Dong, Jin Song},
  % booktitle={The Network and Distributed System Security Symposium (NDSS)},
  url={https://baigd.github.io/files/NDSS23-U2I2.pdf},
  year={2023}
}

@manual{android_privacy_10,
  title={Privacy in Android 10},
  author={Google Developers},
  % organization={Google},
  url={https://developer.android.com/about/versions/10/privacy},
  year={2023},
  urldate = {2024-05-10}
}

@manual{android_privacy_11,
  title={Privacy in Android 11},
  author={Google Developers},
  % organization={Google},
  url={https://developer.android.com/about/versions/11/privacy},
  year={2023},
  urldate = {2024-05-10}
}

@manual{android_sensoreventlistener,
  title={SensorEventListener Class},
  author={Google Developers},
  % organization={Google},
  url={https://developer.android.com/reference/android/hardware/SensorEventListener},
  year={2024},
  urldate = {2024-05-10}
}

@manual{android_sensorevent,
  title={Sensor Class},
  author={Google Developers},
  % organization={Google},
  url={https://developer.android.com/reference/android/hardware/SensorEvent},
  year={2024},
  urldate = {2024-05-10}
}

@manual{android_sensormanager,
  title={SensorManager Class},
  author={Google Developers},
  % organization={Google},
  url={https://developer.android.com/reference/android/hardware/SensorManager},
  year={2024},
  urldate = {2024-05-10}
}

@article{bojinov2014mobile,
  title={Mobile device identification via sensor fingerprinting},
  author={Bojinov, Hristo and Michalevsky, Yan and Nakibly, Gabi and Boneh, Dan},
  url={https://arxiv.org/abs/1408.1416},
  journal={arXiv preprint arXiv:1408.1416},
  year={2014}
}

@inproceedings{8835276,
  author={Zhang, Jiexin and Beresford, Alastair R. and Sheret, Ian},
  % booktitle={2019 IEEE Symposium on Security and Privacy (SP)}, 
  title={SensorID: Sensor Calibration Fingerprinting for Smartphones}, 
  % volume={},
  % number={},
  % pages={638-655},
  % doi={10.1109/SP.2019.00072},
  url={https://ieeexplore.ieee.org/abstract/document/8835276},
  year={2019}
}

@article{wu2016efficient,
  title={Efficient fingerprinting-based android device identification with zero-permission identifiers},
  author={Wu, Wenjia and Wu, Jianan and Wang, Yanhao and Ling, Zhen and Yang, Ming},
  journal={IEEE Access},
  % volume={4},
  % pages={8073--8083},
  % publisher={IEEE},
  url={https://ieeexplore.ieee.org/abstract/document/7738449},
  year={2016}
}

@inproceedings{das2014poster,
  title={Poster: Fingerprinting smartphones through speaker},
  author={Das, Anupam and Borisov, Nikita},
  url={https://www.ieee-security.org/TC/SP2014/posters/DASAN.pdf},
  % booktitle={Poster at the IEEE Security and Privacy Symposium},
  % organization={Citeseer},
  year={2014}
}

@inproceedings{dey2014accelprint,
  title={AccelPrint: Imperfections of Accelerometers Make Smartphones Trackable.},
  author={Dey, Sanorita and Roy, Nirupam and Xu, Wenyuan and Choudhury, Romit Roy and Nelakuditi, Srihari},
  % booktitle={NDSS},
  % volume={14},
  % pages={23--26},
  url={https://web.archive.org/web/20160428235950id_/http://web.engr.illinois.edu:80/~sdey4/AccelPrint_Presentation_SanoritaDey_withoutBackup.pdf},
  year={2014}
}

@article{li2010source,
  title={Source camera identification using enhanced sensor pattern noise},
  author={Li, Chang-Tsun},
  journal={IEEE Transactions on Information Forensics and Security},
  % volume={5},
  % number={2},
  % pages={280--287},
  % publisher={IEEE},
  url={https://ieeexplore.ieee.org/abstract/document/5439866},
  year={2010}
}

@inproceedings{das2016tracking,
  title={Tracking Mobile Web Users Through Motion Sensors: Attacks and Defenses.},
  author={Das, Anupam and Borisov, Nikita and Caesar, Matthew},
  % booktitle={NDSS},
  url={https://www.ndss-symposium.org/wp-content/uploads/2017/09/tracking-mobile-web-users-through-motion-sensors-attacks-defenses.pdf},
  year={2016}
}

@inproceedings{sensor-js-2018,
  author    = {Anupam Das and Gunes Acar and Nikita Borisov and Amogh Pradeep},
  title     = {The {Web's} Sixth Sense: A Study of Scripts Accessing Smartphone Sensors},
  % booktitle = {Proceedings of the 25th ACM Conference on Computer and Communication Security (CCS)},
  year      = 2018,
  % month     = oct,
  % publisher = {ACM},
  % doi       = {10.1145/3243734.3243860},
  url       = {https://doi.org/0.1145/3243734.3243860}
}

@article{das2016smartphone,
  title={Smartphone fingerprinting via motion sensors: Analyzing feasibility at large-scale and studying real usage patterns},
  author={Das, Anupam and Borisov, Nikita and Chou, Edward and Mughees, Muhammad Haris},
  journal={arXiv preprint arXiv:1605.08763},
  url={https://arxiv.org/abs/1605.08763},
  year={2016}
}

@article{amerini2017smartphone,
  title={Smartphone fingerprinting combining features of on-board sensors},
  author={Amerini, Irene and Becarelli, Rudy and Caldelli, Roberto and Melani, Alessio and Niccolai, Moreno},
  url={https://ieeexplore.ieee.org/abstract/document/7934347},
  journal={IEEE Transactions on Information Forensics and Security},
  % volume={12},
  % number={10},
  % pages={2457--2466},
  % publisher={IEEE},
  year={2017}
}

@inproceedings{zhang2019sensorid,
  title={SensorID: Sensor calibration fingerprinting for smartphones},
  author={Zhang, Jiexin and Beresford, Alastair R and Sheret, Ian},
  url={https://ieeexplore.ieee.org/abstract/document/8835276},
  % booktitle={2019 IEEE Symposium on Security and Privacy (SP)},
  % pages={638--655},
  % organization={IEEE},
  year={2019}
}

@article{khanna2015remote,
  title={Remote fingerprinting of mobile phones},
  author={Khanna, Vimal K},
  url={https://ieeexplore.ieee.org/abstract/document/7368831},
  journal={IEEE Wireless Communications},
  % volume={22},
  % number={6},
  % pages={106--113},
  % publisher={IEEE},
  year={2015}
}

@article{tian2021mobile,
  title={Mobile device fingerprint identification using gyroscope resonance},
  author={Tian, Junze and Zhang, Jianyi and Li, Xiuying and Zhou, Changchun and Wu, Ruilong and Wang, Yuchen and Huang, Shengyuan},
  url={https://ieeexplore.ieee.org/abstract/document/9628005},
  journal={IEEE Access},
  % volume={9},
  % pages={160855--160867},
  % publisher={IEEE},
  year={2021}
}

@article{zhang2020factory,
  title={Factory calibration fingerprinting of sensors},
  author={Zhang, Jiexin and Beresford, Alastair R and Sheret, Ian},
  url={https://ieeexplore.ieee.org/abstract/document/9265280},
  journal={IEEE Transactions on Information Forensics and Security},
  % volume={16},
  % pages={1626--1639},
  % publisher={IEEE},
  year={2020}
}

@article{das2015exploring,
  title={Exploring ways to mitigate sensor-based smartphone fingerprinting},
  author={Das, Anupam and Borisov, Nikita and Caesar, Matthew},
  url={https://arxiv.org/abs/1503.01874},
  journal={arXiv preprint arXiv:1503.01874},
  year={2015}
}

@article{das2018every,
  title={Every move you make: Exploring practical issues in smartphone motion sensor fingerprinting and countermeasures},
  author={Das, Anupam and Borisov, Nikita and Chou, Edward},
  % url={https://petsymposium.org/popets/2018/popets-2018-0005.php},
  % journal={Proceedings on Privacy Enhancing Technologies},
  year={2018}
}

@article{casarez2021sensor,
  title={Sensor Fingerprinting of Mobile Devices},
  author={Casarez-Ruiz, Oscar},
  url={https://scholarworks.calstate.edu/downloads/z316q659n},
  year={2021}
}

@inproceedings{draschbacher2023a2p2,
  title={A2P2-An Android Application Patching Pipeline Based On Generic Changesets},
  author={Draschbacher, Florian},
  url={https://dl.acm.org/doi/abs/10.1145/3600160.3600172},
  % booktitle={Proceedings of the 18th International Conference on Availability, Reliability and Security},
  % pages={1--11},
  year={2023}
}

@article{baldini2017survey,
  title={A survey of techniques for the identification of mobile phones using the physical fingerprints of the built-in components},
  author={Baldini, Gianmarco and Steri, Gary},
  url={https://ieeexplore.ieee.org/abstract/document/7902125},
  journal={IEEE Communications Surveys \& Tutorials},
  % volume={19},
  % number={3},
  % pages={1761--1789},
  % publisher={IEEE},
  year={2017}
}

@software{a2p2,
  author = {Draschbacher Florian},
  title = {A2P2},
  url = {https://extgit.iaik.tugraz.at/fdraschbacher/a2p2/},
  version = {1.0.1},
  date = {2023-06-16}
}

@inproceedings{upathilake2015classification,
  title={A classification of web browser fingerprinting techniques},
  author={Upathilake, Randika and Li, Yingkun and Matrawy, Ashraf},
  % booktitle={2015 7th International Conference on New Technologies, Mobility and Security (NTMS)},
  % pages={1--5},
  % organization={IEEE},
  url={https://ieeexplore.ieee.org/abstract/document/7266460},
  year={2015}
}

@inproceedings{gomez2017fingerprinting,
  title={Fingerprinting mobile devices: A short analysis},
  author={G{\'o}mez-Boix, Alejandro and Laperdrix, Pierre and Baudry, Benoit},
  % booktitle={CIEL 2017-6{\`e}me Conf{\'e}rence en Ing{\'e}nieriE du Logiciel},
  url={https://inria.hal.science/hal-01611101/},
  year={2017}
}

@inproceedings{fiore2014countering,
  title={Countering browser fingerprinting techniques: Constructing a fake profile with google chrome},
  author={Fiore, Ugo and Castiglione, Aniello and De Santis, Alfredo and Palmieri, Francesco},
  % booktitle={2014 17th International Conference on Network-Based Information Systems},
  % pages={355--360},
  year={2014},
  % organization={IEEE},
  url={https://ieeexplore.ieee.org/abstract/document/7023976}
}

@inproceedings{faizkhademi2015fpguard,
  title={FPGuard: Detection and prevention of browser fingerprinting},
  author={FaizKhademi, Amin and Zulkernine, Mohammad and Weldemariam, Komminist},
  % booktitle={Data and Applications Security and Privacy XXIX: 29th Annual IFIP WG 11.3 Working Conference, DBSec 2015, Fairfax, VA, USA, July 13-15, 2015, Proceedings 29},
  % pages={293--308},
  year={2015},
  % organization={Springer},
  url={https://link.springer.com/chapter/10.1007/978-3-319-20810-7_21}
}

@inproceedings{nikiforakis2015privaricator,
  title={Privaricator: Deceiving fingerprinters with little white lies},
  author={Nikiforakis, Nick and Joosen, Wouter and Livshits, Benjamin},
  % booktitle={Proceedings of the 24th International Conference on World Wide Web},
  % pages={820--830},
  year={2015},
  url={https://dl.acm.org/doi/abs/10.1145/2736277.2741090}
}

@inproceedings{torres2015fp,
  title={FP-Block: usable web privacy by controlling browser fingerprinting},
  author={Torres, Christof Ferreira and Jonker, Hugo and Mauw, Sjouke},
  % booktitle={Computer Security--ESORICS 2015: 20th European Symposium on Research in Computer Security, Vienna, Austria, September 21-25, 2015, Proceedings, Part II 20},
  % pages={3--19},
  year={2015},
  % organization={Springer},
  url={https://link.springer.com/chapter/10.1007/978-3-319-24177-7_1}
}

@software{krassesSpiel,
  author = {Gh05t-1337},
  title = {krassesSpiel},
  url = {https://github.com/Gh05t-1337/krassesSpiel},
  version = {1.1.4},
  date = {2022-04-03}
}

@software{SensorBox,
  author = {Tomáš Repčík},
  title = {SensorBox},
  url = {https://github.com/Foxpace/SensorBox},
  version = {4.3.2},
  date = {2024-02-21}
}
